

@book{wolf,
    author    = "Marilyn Wolf",
    title     = "Computers as compoents",
    publisher = "Elsevier",
    edition   = "3th edition",
    year      = "2012"
}



@misc {cortex-m3, 
    author    = "Silicon Labs",
    title     = "Cortex-M3 Reference Manual EFM32 Microcontroller Family", 
    year      = "2011",
    url       = "http://www.silabs.com/Support%20Documents/TechnicalDocs/EFM32-Cortex-M3-RM.pdf",
    note      = "Online, accessed 1 February 2014",
    howpublished = "\url{http://www.silabs.com/Support%20Documents/TechnicalDocs/EFM32-Cortex-M3-RM.pdf}"
}

@misc {manual, 
    author    = "Silicon Labs",
    title     = "EFM32GG-DK3750 User Manual", 
    year      = "2013",
    url       = "http://www.silabs.com/Support%20Documents/TechnicalDocs/efm32gg-dk3750-ug.pdf",
    note      = "Online, accessed 1 Feburary 2014",
    howpublished = "\url{http://www.silabs.com/Support%20Documents/TechnicalDocs/efm32gg-dk3750-ug.pdf}"
}


@misc {EFM32GG-rm, 
    author    = "Silicon Labs",
    title     = "EFM32GG Reference Manual", 
    year      = "2013",
    url       = "http://www.silabs.com/Support%20Documents/TechnicalDocs/EFM32GG-RM.pdf",
    note      = "Online, accessed 4 Feburary 2013",
    howpublished = "\url{http://www.silabs.com/Support%20Documents/TechnicalDocs/EFM32GG-RM.pdf}"
}

@misc {compendium,
	author = "Computer Architecture and Design Group, NTNU",
	title  = "Lab Exercises in TDT4258 Energy Efficient Computer Systems",
	year   = "2014"
}


@misc {EFM32-int, 
       author = "Silicon labs", 
       title = "EFM32 Interrupt Handling", 
       url = "http://cdn.energymicro.com/dl/an/pdf/an0039_efm32_interrupt_handling.pdf"
       note = "Online accessed 4 Feburary 2014"
       howpublished = "\url{http://cdn.energymicro.com/dl/an/pdf/an0039_efm32_interrupt_handling.pdf}"
}


@misc {EFM32GG-energy, 
       author = "Silicon labs", 
       title = "Energy Optimization",
       url = "http://www.silabs.com/Support%20Documents/TechnicalDocs/AN0027.pdf",
       note = "Online accessed 4 february 2014",
       howpublished = "\url{http://www.silabs.com/Support%20Documents/TechnicalDocs/AN0027.pdf}"
       } 
