

@book{wolf,
    author    = "Marilyn Wolf",
    title     = "Computers as compoents",
    publisher = "Elsevier",
    edition   = "3th edition",
    year      = 2012
}



@misc {comp, 
    author    = "Silicon Labs",
    title     = "Cortex-M3 Reference Manual EFM32 Microcontroller Family", 
    year      = "2011",
    url       = "http://www.silabs.com/Support%20Documents/TechnicalDocs/EFM32-Cortex-M3-RM.pdf",
    note      = "Online, accessed 1 February 2014",
    howpublished = "\url{http://www.silabs.com/Support%20Documents/TechnicalDocs/EFM32-Cortex-M3-RM.pdf}"


@misc {comp, 
    author    = "Silicon Labs",
    title     = "EFM32GG-DK3750 User Manual", 
    year      = "2013",
    url       = "http://www.silabs.com/Support%20Documents/TechnicalDocs/efm32gg-dk3750-ug.pdf",
    note      = "Online, accessed 1 Feburary 2013",
    howpublished = "\url{http://www.silabs.com/Support%20Documents/TechnicalDocs/efm32gg-dk3750-ug.pdf}"



@misc {comp, 
    author    = "Silicon Labs",
    title     = "EFM32GG Reference Manual", 
    year      = "2013",
    url       = "http://www.silabs.com/Support%20Documents/TechnicalDocs/EFM32GG-RM.pdf",
    note      = "Online, accessed 4 September 2013",
    howpublished = "\url{http://www.silabs.com/Support%20Documents/TechnicalDocs/EFM32GG-RM.pdf}"


